<record><leader>00000cas a22000007a 4500</leader><controlfield tag="001">28205156</controlfield><controlfield tag="008">930603c19909999moudn ne      0    0eng d</controlfield><datafield ind1=" " ind2=" " tag="010"><subfield code="a">sn 93060199 </subfield></datafield><datafield ind1=" " ind2=" " tag="040"><subfield code="a">MQN</subfield><subfield code="b">eng</subfield><subfield code="c">MQN</subfield><subfield code="d">OCLCQ</subfield></datafield><datafield ind1=" " ind2=" " tag="042"><subfield code="a">msc</subfield></datafield><datafield ind1="0" ind2=" " tag="130"><subfield code="a">Examiner (Blue Springs, Mo.)</subfield></datafield><datafield ind1="1" ind2="4" tag="245"><subfield code="a">The Examiner.</subfield></datafield><datafield ind1=" " ind2=" " tag="260"><subfield code="a">Blue Springs, Mo. :</subfield><subfield code="b">Stauffer Communications,</subfield><subfield code="c">1990-</subfield></datafield><datafield ind1=" " ind2=" " tag="300"><subfield code="a">v.</subfield></datafield><datafield ind1=" " ind2=" " tag="310"><subfield code="a">Daily (except Sun.)</subfield></datafield><datafield ind1="0" ind2=" " tag="362"><subfield code="a">Vol. 16, no. 138 (Feb. 12, 1990)-</subfield></datafield><datafield ind1=" " ind2=" " tag="500"><subfield code="a">Sat./Sun. combined issue published jointly with Examiner (Independence, Mo.)--as Examiner weekend, Aug. 29/30, 1992-</subfield></datafield><datafield ind1=" " ind2="4" tag="651"><subfield code="a">Blue Springs (Mo.)</subfield><subfield code="v">Newspapers.</subfield></datafield><datafield ind1=" " ind2=" " tag="752"><subfield code="a">United States</subfield><subfield code="b">Missouri</subfield><subfield code="c">Jackson</subfield><subfield code="d">Blue Springs.</subfield></datafield><datafield ind1="0" ind2="0" tag="780"><subfield code="t">Blue Springs examiner</subfield><subfield code="w">(DLC)sn 93060042</subfield></datafield><datafield ind1="1" ind2=" " tag="029"><subfield code="a">AU@</subfield><subfield code="b">000025861668</subfield></datafield></record>